<?xml version="1.0" encoding="UTF-8"?><collection xmlns="http://www.loc.gov/MARC21/slim"><record><leader>00651nam--2200193-u-4500</leader><controlfield tag="001">000055800</controlfield><controlfield tag="002">20161230</controlfield><controlfield tag="005">20161230201052</controlfield><controlfield tag="008">130715s1000------------r-----000-0-eng-d</controlfield><datafield ind1=" " ind2=" " tag="020"><subfield code="a">9783034804479</subfield></datafield><datafield ind1=" " ind2=" " tag="040"><subfield code="a">IFIN-HH</subfield></datafield><datafield ind1="1" ind2=" " tag="100"><subfield code="a">Kielanowski, Piotr</subfield></datafield><datafield ind1="1" ind2="0" tag="245"><subfield code="a">Geometric methods in physics</subfield><subfield code="b">Xxx workshop, biatowieza, poland, june 26 to july 2, 2011</subfield><subfield code="c">Piotr kielanowski, s. twareque ali, anatol odzijewicz, martin schlichenmaier, theodore voronov (eds.)</subfield></datafield><datafield ind1=" " ind2=" " tag="260"><subfield code="a">Basel</subfield><subfield code="b">Springer</subfield><subfield code="c">2013</subfield></datafield><datafield ind1=" " ind2=" " tag="300"><subfield code="a">XI+431P</subfield></datafield><datafield ind1=" " ind2=" " tag="490"><subfield code="a">Trends In Mathematics</subfield></datafield><datafield ind1="1" ind2=" " tag="700"><subfield code="a">Voronov, Theodore</subfield><subfield code="e">Ed</subfield></datafield><datafield ind1=" " ind2=" " tag="852"><subfield code="a">82363</subfield><subfield code="c">513.73</subfield></datafield><datafield ind1=" " ind2=" " tag="CAT"><subfield code="a">Sys</subfield><subfield code="c">20130927</subfield><subfield code="h">121733</subfield></datafield></record></collection>